@string{JAIR = "Journal of {A}rtificial {I}ntelligence {R}esearch {(JAIR)}"}
@string{JMLR = "Journal of {M}achine {L}earning {R}esearch {(JMLR)}"}
@string{MLJ = "Machine {L}earning {J}ournal"}
@string{AIJ = "Artificial {I}ntelligence {J}ournal"}
@string{ICML = "Proc.~of the {I}nt.~{C}onf.~on {M}achine {L}earning ({ICML})"}
@string{NIPS = "Advances in {N}eural {I}nformation {P}rocessing {S}ystems ({NIPS})"}
@string{ECML = "{Proc.~of the European Conf.~on Machine Learning (ECML)}"}
@string{UAI = "{Proc.~of the Conf.~on Uncertainty in Artificial Intelligence (UAI)}"}
@string{CVPR = "{Proc.~of the Conf.~on Computer Vision and Pattern Recognition (CVPR)}"}
@string{HRI = "{Proc.~of the Conf.~on Human-Robot Interaction (HRI)}"}
@string{ICAPS = "{Proc.~of the Int.~Conf.~on Automated Planning and Scheduling (ICAPS)}"}
@string{KDDM = "{Proc.~of the Int.~Conf.~on Knowledge Discovery and Data Mining (KDD)}"}
@string{AAAI = "{Proc.~of the Nat.~Conf.~on Artificial Intelligence (AAAI)}"}
@string{ECAI = "{Proc.~of the European Conf.~on Artificial Intelligence (ECAI)}"}
@string{ILP = "{Proc.~of the Int.~Conf.~on Inductive Logic Programming (ILP)}"}
@string{AAMAS = "{Proc.~of Int.~Conf.~on Autonomous Agents and Multiagent Systems}"}
@string{IJCAI = "{Proc.~of the Int.~Joint Conf.~on Artificial Intelligence (IJCAI)}"}
@string{IJCNN = "{Proc.~of the Int.~Joint Conf.~on Neural Networks (IJCNN)}"}
@string{ICRA = "{Proc.~of the Int.~Conf.~on Robotics \& Automation (ICRA)}"}
@string{IROS = "{Proc.~of the Int.~Conf.~on Intelligent Robots and Systems (IROS)}"}
@string{ICCV = "{Proc.~of the Int.~Conf.~on Computer Vision (ICCV)}"}
@string{RSS = "{Proc.~of the Int.~Conf.~on Robotics: Science and Systems (R:SS)}"}
@string{ICIRS = "{Proc.~of the Int.~Conf.~on Intelligent Robots and Systems}"}
@string{ISRR = "{Proc.~of the Int.~Symp.~on Robotics Research}"}
@string{ESANN = "{Proc.~of the Europ.~Symp.~on Artificial Neural Networks}"}
@string{SARA = "{Proc.~of the Symp.~on Abstraction, Reformulation and Approximation (SARA)}"}
@string{IJRR = "{Int. Journal of Robotics Research}"}
@string{RAS = "{Robotics and Autonomous Systems}"}
@string{TRO = "{Trans. on Robotics}"}
@string{Science = "{Science}"}
@string{Nature = "{Nature}"}
@string{AMS = "{The Annals of Mathematical Statistics}"}
@string{arxiv = "{arXiv e-prints}"}
