
@article{2011-Hart,
  title = {Learning generalizable control programs},
  volume = {3},
  url = {http://ieeexplore.ieee.org/xpls/abs_all.jsp?arnumber=5680948},
  timestamp = {2015-03-04 19:41:19},
  number = {3},
  urldate = {2014-04-03},
  journal = {Autonomous Mental Development, {IEEE} Transactions on},
  author = {Hart, Stephen and Grupen, Roderic},
  year = {2011},
  pages = {216--231}
}

@inproceedings{2005-Fainekos,
  title = {Hybrid controllers for path planning: A temporal logic approach},
  shorttitle = {Hybrid controllers for path planning},
  url = {http://ieeexplore.ieee.org/xpls/abs_all.jsp?arnumber=1582935},
  timestamp = {2015-03-04 19:41:18},
  urldate = {2014-04-04},
  booktitle = {Decision and Control, 2005 and 2005 European Control Conference. {CDC}-{ECC}'05. 44th {IEEE} Conference on},
  publisher = {{IEEE}},
  author = {Fainekos, Georgios E. and Kress-Gazit, Hadas and Pappas, George J.},
  year = {2005},
  pages = {4885--4890}
}

@article{2009-Buffet,
  title = {The factored policy-gradient planner},
  volume = {173},
  issn = {00043702},
  url = {http://linkinghub.elsevier.com/retrieve/pii/S0004370208001859},
  doi = {10.1016/j.artint.2008.11.008},
  language = {en},
  timestamp = {2015-03-04 19:41:24},
  number = {5-6},
  urldate = {2014-04-03},
  journal = {Artificial Intelligence},
  author = {Buffet, Olivier and Aberdeen, Douglas},
  month = apr,
  year = {2009},
  pages = {722--747}
}

@inproceedings{2005-Rohanimanesh,
  title = {Coarticulation: An approach for generating concurrent plans in markov decision processes},
  shorttitle = {Coarticulation},
  url = {http://dl.acm.org/citation.cfm?id=1102442},
  timestamp = {2015-03-04 19:41:16},
  urldate = {2014-04-03},
  booktitle = {Proceedings of the 22nd international conference on Machine learning},
  publisher = {{ACM}},
  author = {Rohanimanesh, Khashayar and Mahadevan, Sridhar},
  year = {2005},
  pages = {720--727}
}

@inproceedings{1999-Smith,
  title = {Temporal planning with mutual exclusion reasoning},
  volume = {99},
  url = {http://cs.tju.edu.cn/faculty/zyfeng/Course/AI/ISI/ijcai99-tgp.pdf},
  timestamp = {2015-03-04 19:41:23},
  urldate = {2014-04-09},
  booktitle = {{IJCAI}},
  author = {Smith, David E. and Weld, Daniel S.},
  year = {1999},
  pages = {326--337}
}

@inproceedings{2004-Younes,
  title = {Policy Generation for Continuous-time Stochastic Domains with Concurrency.},
  volume = {4},
  url = {http://www.aaai.org/Papers/ICAPS/2004/ICAPS04-039.pdf},
  timestamp = {2015-03-04 19:41:22},
  urldate = {2014-04-03},
  booktitle = {{ICAPS}},
  author = {Younes, H{\textbackslash}a akan LS and Simmons, Reid G.},
  year = {2004},
  pages = {325}
}

@inproceedings{2010-Beaudry,
  title = {Planning with Concurrency under Resources and Time Uncertainty.},
  url = {http://books.google.com/books?hl=en\&lr=\&id=cLqiEJVT3u8C\&oi=fnd\&pg=PA217\&dq=\%22planning+algorithm+queries+the+Bayesian+network+to+estimate\%22+\%22with+actions+concurrency+under+resources+and+time\%22+\%22to+this+date,+many+different+approaches+have+been\%22+\%22\%5B11,+6\%5D.+Others+include+the+Factory+Policy+Gradient\%22+\&ots=Go_vAIznes\&sig=0pLTt3Es8OlENVRG5vKQRi64u1Q},
  timestamp = {2015-03-04 19:41:20},
  urldate = {2014-04-03},
  booktitle = {{ECAI}},
  author = {Beaudry, Eric and Kabanza, Froduald and Michaud, Fran{\c c}ois},
  year = {2010},
  pages = {217--222}
}

@inproceedings{2012-Luksch,
  title = {Adaptive movement sequences and predictive decisions based on hierarchical dynamical systems},
  url = {http://ieeexplore.ieee.org/xpls/abs_all.jsp?arnumber=6385651},
  timestamp = {2015-03-04 19:41:15},
  urldate = {2013-07-11},
  booktitle = {Intelligent Robots and Systems ({IROS}), 2012 {IEEE}/{RSJ} International Conference on},
  author = {Luksch, Tobias and Gienger, Michael and Muhlig, Manuel and Yoshiike, Takahide},
  year = {2012},
  pages = {2082--2088}
}

@article{2008-Mausam,
  title = {Planning with Durative Actions in Stochastic Domains.},
  volume = {31},
  url = {http://www.aaai.org/Papers/JAIR/Vol31/JAIR-3102.pdf},
  timestamp = {2015-03-04 19:41:21},
  urldate = {2014-04-03},
  journal = {J. Artif. Intell. Res.({JAIR})},
  author = {{Mausam} and Weld, Daniel S.},
  year = {2008},
  pages = {33--82}
}

@inproceedings{2007-Aberdeen,
  title = {Concurrent Probabilistic Temporal Planning with Policy-Gradients.},
  url = {http://www.aaai.org/Papers/ICAPS/2007/ICAPS07-002.pdf},
  timestamp = {2015-03-04 19:41:17},
  urldate = {2014-04-03},
  booktitle = {{ICAPS}},
  author = {Aberdeen, Douglas and Buffet, Olivier},
  year = {2007},
  pages = {10--17}
}


